<?xml version = "1.0" encoding = "UTF-8"?>
  <collection xmlns="http://www.loc.gov/MARC21/slim"
xmlns:xsi="http://www.w3.org/2001/XMLSchema-instance"
xsi:schemaLocation="http://www.loc.gov/MARC21/slim
http://www.loc.gov/standards/marcxml/schema/MARC21slim.xsd">
    <record xmlns="http://www.loc.gov/MARC21/slim"
xmlns:xsi="http://www.w3.org/2001/XMLSchema-instance"
xsi:schemaLocation="http://www.loc.gov/MARC21/slim
http://www.loc.gov/standards/marcxml/schema/MARC21slim.xsd">
      <leader>00000nam a22      a 4500</leader>
      <controlfield tag="FMT">HF</controlfield>
      <controlfield tag="LDR">00000nam a22      a 4500</controlfield>
      <controlfield tag="001">000670868</controlfield>
      <controlfield tag="003">CZ PrSTK</controlfield>
      <controlfield tag="005">20110920084131.0</controlfield>
      <controlfield tag="007">ta</controlfield>
      <controlfield tag="008">110303s1910    xr a   f     |||1 0 cze d</controlfield>
      <datafield tag="040" ind1=" " ind2=" ">
        <subfield code="a">ABA013</subfield>
        <subfield code="b">cze</subfield>
      </datafield>
      <datafield tag="072" ind1=" " ind2="7">
        <subfield code="a">793</subfield>
        <subfield code="x">Společenská zábava</subfield>
        <subfield code="2">Konspekt</subfield>
        <subfield code="9">20</subfield>
      </datafield>
      <datafield tag="080" ind1=" " ind2=" ">
        <subfield code="a">793</subfield>
      </datafield>
      <datafield tag="080" ind1=" " ind2=" ">
        <subfield code="a">061.23</subfield>
      </datafield>
      <datafield tag="100" ind1="1" ind2=" ">
        <subfield code="a">Zíbrt, Čeněk,</subfield>
        <subfield code="d">1864-1932</subfield>
        <subfield code="7">jk01152578</subfield>
      </datafield>
      <datafield tag="245" ind1="1" ind2="0">
        <subfield code="a">Řády a práva starodávných pijanských cechů a družstev kratochvilných v zemích českých /</subfield>
        <subfield code="c">sebral Čeněk Zíbrt</subfield>
      </datafield>
      <datafield tag="260" ind1=" " ind2=" ">
        <subfield code="a">V Praze :</subfield>
        <subfield code="b">O. Pyšvejc,</subfield>
        <subfield code="c">1910</subfield>
        <subfield code="f">(V. Kotrba)</subfield>
      </datafield>
      <datafield tag="300" ind1=" " ind2=" ">
        <subfield code="a">372 s. :</subfield>
        <subfield code="b">il.</subfield>
      </datafield>
      <datafield tag="500" ind1=" " ind2=" ">
        <subfield code="a">Příl. čas. Sládek, roč. 2</subfield>
        <subfield code="5">CZ-PrSTK</subfield>
      </datafield>
      <datafield tag="500" ind1=" " ind2=" ">
        <subfield code="a">Obsahuje rejstřík</subfield>
        <subfield code="5">CZ-PrSTK</subfield>
      </datafield>
      <datafield tag="650" ind1="0" ind2="7">
        <subfield code="a">spolky</subfield>
        <subfield code="x">so</subfield>
        <subfield code="2">psh</subfield>
      </datafield>
      <datafield tag="650" ind1="0" ind2="7">
        <subfield code="a">zábavy</subfield>
        <subfield code="x">um</subfield>
        <subfield code="2">psh</subfield>
      </datafield>
      <datafield tag="650" ind1="0" ind2="7">
        <subfield code="a">opilství</subfield>
        <subfield code="x">pr</subfield>
        <subfield code="2">psh</subfield>
      </datafield>
      <datafield tag="655" ind1=" " ind2="4">
        <subfield code="a">monografie</subfield>
      </datafield>
      <datafield tag="856" ind1="4" ind2="1">
        <subfield code="u">http://df.ntkcz.cz/kramerius/handle/ABA013/23568</subfield>
        <subfield code="y">Digitalizovaný dokument</subfield>
      </datafield>
      <datafield tag="SKC" ind1=" " ind2=" ">
        <subfield code="a">r</subfield>
      </datafield>
      <controlfield tag="BAS">di</controlfield>
      <datafield tag="OWN" ind1=" " ind2=" ">
        <subfield code="a">PUBLIC</subfield>
      </datafield>
      <datafield tag="910" ind1=" " ind2=" ">
        <subfield code="a">ABA013</subfield>
        <subfield code="b">HF 267</subfield>
      </datafield>
    </record>

</collection>  
